<record><leader>00000cas a22000007a 4500</leader><controlfield tag="001">12798666</controlfield><controlfield tag="008">851115d19141920iauir ne      0    0eng d</controlfield><datafield ind1=" " ind2=" " tag="010"><subfield code="a">sn 85049829 </subfield></datafield><datafield ind1=" " ind2=" " tag="040"><subfield code="a">INP</subfield><subfield code="b">eng</subfield><subfield code="c">INP</subfield><subfield code="d">OCLCQ</subfield></datafield><datafield ind1=" " ind2=" " tag="042"><subfield code="a">msc</subfield></datafield><datafield ind1="0" ind2=" " tag="130"><subfield code="a">Cedar Valley times (Vinton, Iowa : 1914)</subfield></datafield><datafield ind1="1" ind2="0" tag="245"><subfield code="a">Cedar Valley times.</subfield></datafield><datafield ind1=" " ind2=" " tag="250"><subfield code="a">City ed.</subfield></datafield><datafield ind1=" " ind2=" " tag="260"><subfield code="a">Vinton, Iowa :</subfield><subfield code="b">H.G. Kruse,</subfield><subfield code="c">1914-1920.</subfield></datafield><datafield ind1=" " ind2=" " tag="300"><subfield code="a">4 v. :</subfield><subfield code="b">ill.</subfield></datafield><datafield ind1=" " ind2=" " tag="310"><subfield code="a">Triweekly,</subfield><subfield code="b">Nov. 30, 1914-Nov. 29, 1920</subfield></datafield><datafield ind1=" " ind2=" " tag="321"><subfield code="a">Semiweekly,</subfield><subfield code="b">Sept. 25, 1914-Nov. 27, 1914</subfield></datafield><datafield ind1="0" ind2=" " tag="362"><subfield code="a">Vol. 33, no. 22 (Sept. 25, 1914)-v. 36, no. 79 (Nov. 29, 1920).</subfield></datafield><datafield ind1=" " ind2=" " tag="500"><subfield code="a">Editor: H.G. Kruse.</subfield></datafield><datafield ind1=" " ind2=" " tag="752"><subfield code="a">United States</subfield><subfield code="b">Iowa</subfield><subfield code="c">Benton</subfield><subfield code="d">Vinton.</subfield></datafield><datafield ind1="0" ind2="0" tag="780"><subfield code="t">Benton County times</subfield><subfield code="w">(DLC)sn 85049798</subfield></datafield><datafield ind1="0" ind2="0" tag="785"><subfield code="t">Cedar Valley daily times</subfield><subfield code="w">(DLC)sn 86060014</subfield></datafield><datafield ind1="1" ind2=" " tag="029"><subfield code="a">AU@</subfield><subfield code="b">000025785439</subfield></datafield></record>